<?xml version="1.0" encoding="UTF-8"?>
<OAI-PMH xmlns="http://www.openarchives.org/OAI/2.0/" xmlns:xsi="http://www.w3.org/2001/XMLSchema-instance" xsi:schemaLocation="http://www.openarchives.org/OAI/2.0/                                       http://www.openarchives.org/OAI/2.0/OAI-PMH.xsd                        http://www.extensiblecatalog.org/xsd/mst/1.0                                       http://www.extensiblecatalog.org/doc/MST/xsd/mst.xsd">
  <responseDate>2011-03-30T11:21:11Z</responseDate>
  <request verb="ListRecords" metadataPrefix="marc21">http://localhost:8080/MetadataServicesToolkit/st/marcnormalization/oaiRepository.action</request>
  <ListRecords>
    <record>
      <header>
        <identifier>oai:mst.rochester.edu:marcnormalization/030</identifier>
        <datestamp>2011-03-30T15:04:46Z</datestamp>
      </header>
      <metadata>
        <marc:record xmlns:marc="http://www.loc.gov/MARC21/slim" xmlns:xsi="http://www.w3.org/2001/XMLSchema-instance" xsi:schemaLocation="http://www.loc.gov/MARC21/slim http://128.151.244.137:8080/OAIToolkit/schema/MARC21slim_custom.xsd">
          <marc:leader>01138ncm a22003130  4500</marc:leader>
          <marc:controlfield tag="001">914190</marc:controlfield>
          <marc:controlfield tag="003">NRU</marc:controlfield>
          <marc:controlfield tag="008">821015s1823    au ova         n    N/A d</marc:controlfield>
          <marc:datafield ind1="2" ind2="2" tag="028">
            <marc:subfield code="a">S:u:C:3951</marc:subfield>
            <marc:subfield code="b">S.A. Steiner</marc:subfield>
          </marc:datafield>
          <marc:datafield ind1=" " ind2=" " tag="035">
            <marc:subfield code="a">(OCoLC)8862425</marc:subfield>
          </marc:datafield>
          <marc:datafield ind1=" " ind2=" " tag="035">
            <marc:subfield code="9">00856963</marc:subfield>
          </marc:datafield>
          <marc:datafield ind1=" " ind2=" " tag="040">
            <marc:subfield code="a">IXA</marc:subfield>
            <marc:subfield code="c">IXA</marc:subfield>
            <marc:subfield code="d">m/c</marc:subfield>
            <marc:subfield code="d">RER</marc:subfield>
          </marc:datafield>
          <marc:datafield ind1="2" ind2=" " tag="045">
            <marc:subfield code="b">d181108</marc:subfield>
            <marc:subfield code="b">d181109</marc:subfield>
          </marc:datafield>
          <marc:datafield ind1=" " ind2=" " tag="048">
            <marc:subfield code="a">oa</marc:subfield>
          </marc:datafield>
          <marc:datafield ind1=" " ind2=" " tag="049">
            <marc:subfield code="a">RERA</marc:subfield>
          </marc:datafield>
          <marc:datafield ind1=" " ind2=" " tag="090">
            <marc:subfield code="a">M1004.B415</marc:subfield>
            <marc:subfield code="b">R9 1823</marc:subfield>
          </marc:datafield>
          <marc:datafield ind1="1" ind2=" " tag="100">
            <marc:subfield code="a">Beethoven, Ludwig van,</marc:subfield>
            <marc:subfield code="d">1770-1827.</marc:subfield>
            <marc:subfield code="4">cmp</marc:subfield>
          </marc:datafield>
          <marc:datafield ind1="1" ind2="0" tag="240">
            <marc:subfield code="a">Ruinen von Athen.</marc:subfield>
            <marc:subfield code="p">Ouvertüre</marc:subfield>
          </marc:datafield>
          <marc:datafield ind1="0" ind2="0" tag="245">
            <marc:subfield code="a">Ouverture zu Aug. v. Kotzebue's Ruinen von Athen ... 113tes Werk :</marc:subfield>
            <marc:subfield code="b">aufgeführt bei der Eröffnung des neuen Theaters zu Pest /</marc:subfield>
            <marc:subfield code="c">verfasst von Ludw. van Beethoven.</marc:subfield>
          </marc:datafield>
          <marc:datafield ind1=" " ind2=" " tag="254">
            <marc:subfield code="a">Partitur.</marc:subfield>
          </marc:datafield>
          <marc:datafield ind1=" " ind2=" " tag="260">
            <marc:subfield code="a">Wien :</marc:subfield>
            <marc:subfield code="b">S.A. Steiner,</marc:subfield>
            <marc:subfield code="c">[1823]</marc:subfield>
          </marc:datafield>
          <marc:datafield ind1=" " ind2=" " tag="300">
            <marc:subfield code="a">1 score (27 p.) ;</marc:subfield>
            <marc:subfield code="c">35 cm.</marc:subfield>
          </marc:datafield>
          <marc:datafield ind1=" " ind2=" " tag="500">
            <marc:subfield code="a">First edition of the overture. Cf. Kinsky, Georg. Das Werk Beethovens. München, 1955, p. 327.</marc:subfield>
          </marc:datafield>
          <marc:datafield ind1=" " ind2=" " tag="500">
            <marc:subfield code="a">In ms. on t.p.: Partitur.</marc:subfield>
          </marc:datafield>
          <marc:datafield ind1=" " ind2=" " tag="500">
            <marc:subfield code="a">Engraved.</marc:subfield>
          </marc:datafield>
          <marc:datafield ind1=" " ind2="0" tag="650">
            <marc:subfield code="a">Overtures</marc:subfield>
            <marc:subfield code="x">Scores.</marc:subfield>
          </marc:datafield>
          <marc:datafield ind1="1" ind2=" " tag="700">
            <marc:subfield code="a">Kotzebue, August von,</marc:subfield>
            <marc:subfield code="d">1761-1819.</marc:subfield>
            <marc:subfield code="t">Ruinen von Athen.</marc:subfield>
          </marc:datafield>
          <marc:datafield ind1=" " ind2=" " tag="910">
            <marc:subfield code="a">  950805        </marc:subfield>
          </marc:datafield>
          <marc:datafield ind1=" " ind2=" " tag="911">
            <marc:subfield code="a">u</marc:subfield>
          </marc:datafield>
          <marc:datafield ind1=" " ind2=" " tag="966">
            <marc:subfield code="l">/Rare </marc:subfield>
            <marc:subfield code="m">SRARE </marc:subfield>
            <marc:subfield code="s">M1001.B415 R9 1823</marc:subfield>
            <marc:subfield code="c"> 1</marc:subfield>
            <marc:subfield code="b"> 39087009296635</marc:subfield>
          </marc:datafield>
          <marc:datafield ind1=" " ind2=" " tag="931">
            <marc:subfield code="a">Image</marc:subfield>
            <marc:subfield code="5">NRU</marc:subfield>
          </marc:datafield>
          <marc:datafield ind1=" " ind2=" " tag="932">
            <marc:subfield code="a">Notated music</marc:subfield>
            <marc:subfield code="5">NRU</marc:subfield>
          </marc:datafield>
          <marc:datafield ind1=" " ind2=" " tag="933">
            <marc:subfield code="a">Notated music</marc:subfield>
            <marc:subfield code="5">NRU</marc:subfield>
          </marc:datafield>
          <marc:datafield ind1=" " ind2=" " tag="935">
            <marc:subfield code="a">Monograph/Item</marc:subfield>
            <marc:subfield code="5">NRU</marc:subfield>
          </marc:datafield>
          <marc:datafield ind1=" " ind2=" " tag="035">
            <marc:subfield code="a">(NRU)914190</marc:subfield>
          </marc:datafield>
          <marc:datafield ind1=" " ind2="0" tag="965">
            <marc:subfield code="a">Overtures</marc:subfield>
            <marc:subfield code="5">NRU</marc:subfield>
          </marc:datafield>
          <marc:datafield ind1=" " ind2="0" tag="965">
            <marc:subfield code="x">Scores.</marc:subfield>
            <marc:subfield code="5">NRU</marc:subfield>
          </marc:datafield>
        </marc:record>
      </metadata>
    </record>
  </ListRecords>
</OAI-PMH>
